@book{Tyndale1996,
  title = {Holy Bible, New Living Translation},
  author = {{Tyndale House}},
  date = {1996},
  publisher = {Tyndale House Publishers}
}
